<?xml version="1.0" encoding="UTF-8" ?>
<record Numero="13908611" format="InterXMarc_Complet" type="Authority">
<leader>00880c0 au2200027   45  <Pos Code="0004">00880</Pos>
<Pos Code="05" Sens="notice modifiée">c</Pos>
<Pos Code="06" Sens="notice validée par les services d&apos;autorité">0</Pos>
<Pos Code="08" Sens="notice d&apos;autorité">a</Pos>
<Pos Code="09" Sens="titre uniforme musical (TUM)">u</Pos>
<Pos Code="10">2</Pos>
<Pos Code="11">2</Pos>
<Pos Code="1216">00027</Pos>
<Pos Code="20">4</Pos>
<Pos Code="21">5</Pos>
</leader>
<controlfield tag="001">FRBNF139086114<Pos Code="0001">FR</Pos>
<Pos Code="0204">BNF</Pos>
<Pos Code="0512">13908611</Pos>
<Pos Code="13">4</Pos>
</controlfield>
<controlfield tag="008">890821150202yyzxx sy        18551029  185511                 010 <Pos Code="0001">89</Pos>
<Pos Code="0203">08</Pos>
<Pos Code="0405">21</Pos>
<Pos Code="0607">15</Pos>
<Pos Code="0809">02</Pos>
<Pos Code="1011">02</Pos>
<Pos Code="1213" Sens="ne s&apos;applique pas">yy</Pos>
<Pos Code="1416" Sens="sans contenu linguistique [pas de contenu linguistique => sans contenu linguistique]">zxx</Pos>
<Pos Code="1820" Sens="symphonie [symphonie périodique => symphonie]">sy </Pos>
<Pos Code="2831">1855</Pos>
<Pos Code="3233">10</Pos>
<Pos Code="3435">29</Pos>
<Pos Code="3841">1855</Pos>
<Pos Code="4243">11</Pos>
<Pos Code="61" Sens="La vedette peut être liée à une notice bibliographique pour les accès signalétiques et/ou pour l&apos;accès matière RAMEAU">0</Pos>
<Pos Code="62" Sens="La vedette ne peut s&apos;employer qu&apos;en tête de vedette">1</Pos>
<Pos Code="63" Sens="La vedette n&apos;admet pas de subdivision géographique">0</Pos>
</controlfield>
<datafield tag="048" ind1=" " ind2=" ">
	<subfield code="a">oa01<Pos Code="0001" Sens="orchestre - orchestre symphonique XIXe-XXe s.">oa</Pos>
<Pos Code="02">0</Pos>
<Pos Code="03">1</Pos>
</subfield>
</datafield>
<datafield tag="100" ind1=" " ind2=" ">
	<subfield code="3">13891543</subfield>
	<subfield code="w"> 0  b     </subfield>
	<subfield code="a">Bizet</subfield>
	<subfield code="m">Georges</subfield>
	<subfield code="d">1838-1875</subfield>
</datafield>
<datafield tag="144" ind1="1" ind2=" ">
	<subfield code="w">....b.fre.</subfield>
	<subfield code="a">Symphonies</subfield>
	<subfield code="n">No 1</subfield>
	<subfield code="k">GB 115</subfield>
	<subfield code="t">Do majeur</subfield>
</datafield>
<datafield tag="202" ind1=" " ind2=" ">
	<subfield code="a">Ne pas confondre avec la Symphonie dite &quot;no 2&quot; ou &quot;Roma&quot; également en do majeur (GB 118)</subfield>
</datafield>
<datafield tag="600" ind1=" " ind2=" ">
	<subfield code="a">Dates de composition : 29 octobre-novembre 1855</subfield>
	<subfield code="a">1re exécution : Bâle, 26 février 1935, orchestre sous la direction de Felix Weingartner</subfield>
	<subfield code="a">1re éd. : Vienne : Universal edition, 1935</subfield>
</datafield>
<datafield tag="600" ind1=" " ind2=" ">
	<subfield code="a">Comprend : &quot;Allegro vivo&quot; ; &quot;Andante (adagio)&quot; ; &quot;Scherzo (allegro vivace)&quot; ; &quot;Final (allegro vivavce)&quot;</subfield>
</datafield>
<datafield tag="610" ind1=" " ind2=" ">
	<subfield code="a">Macdonald, Bizet</subfield>
	<subfield code="u">http://digital.wustl.edu/bizet/</subfield>
	<subfield code="d">2015-02-02</subfield>
</datafield>
<datafield tag="610" ind1=" " ind2=" ">
	<subfield code="a">Georges Bizet : naissance d&apos;une identité créatrice / Hervé Lacombe, 2000</subfield>
	<subfield code="a">Grove music online</subfield>
	<subfield code="u">http://www.oxfordmusiconline.com</subfield>
	<subfield code="d">2015-02-02</subfield>
</datafield>
<datafield tag="624" ind1=" " ind2=" ">
	<subfield code="a">780<Pos Code="0002" Sens="Musique">780</Pos>
</subfield>
</datafield>
<datafield tag="917" ind1=" " ind2=" ">
	<subfield code="o">OPC</subfield>
	<subfield code="a">100370820</subfield>
</datafield>
<Alter Ori="13891543">
<datafield tag="031" ind1=" " ind2=" ">
	<subfield code="a">0000000121204254</subfield>
	<subfield code="2" Sens="ISNI chargé à partir de VIAF">VIAF</subfield>
	<subfield code="d">20130731<Pos Code="0003">2013</Pos>
<Pos Code="0407" Sens="31 juillet">0731</Pos>
</subfield>
</datafield>
</Alter>
<Attr Nom="IDPerenne">ark:/12148/cb13908611c</Attr>
<Attr Nom="NumSource">OPC 100370820</Attr>
<Attr Nom="Source" Sens="BnF catalogue général (depuis 1999)">A</Attr>
<Attr Nom="NumAutoriteLiee">13891543</Attr>
<Attr Nom="DateCreation">21/08/ 1989</Attr>
<Attr Nom="ResponsableCreation">MIGV2</Attr>
<Attr Nom="StructCreation">1</Attr>
<Attr Nom="DateDerniereValidation">02/02/ 2015</Attr>
<Attr Nom="ResponsableDerniereValidation">PUYRENIER FREDERIC</Attr>
<Attr Nom="StructPremiereValidation">1</Attr>
<Attr Nom="DatePremiereValidation">21/08/ 1989</Attr>
<Attr Nom="ResponsablePremiereValidation">MIGV2</Attr>
<Attr Nom="StructDerniereValidation">82</Attr>
<Attr Nom="NumSource">OPP 14844758</Attr>
</record>
